<record><leader>00000cas a22000007a 4500</leader><controlfield tag="001">16815332</controlfield><controlfield tag="008">871006d19101919nyuwr ne      0    0eng d</controlfield><datafield ind1=" " ind2=" " tag="010"><subfield code="a">sn 87070347 </subfield></datafield><datafield ind1=" " ind2=" " tag="040"><subfield code="a">NYS</subfield><subfield code="b">eng</subfield><subfield code="c">NYS</subfield><subfield code="d">OCLCQ</subfield><subfield code="d">OCLCF</subfield><subfield code="d">OCLCO</subfield></datafield><datafield ind1="1" ind2=" " tag="029"><subfield code="a">AU@</subfield><subfield code="b">000025796384</subfield></datafield><datafield ind1=" " ind2=" " tag="042"><subfield code="a">msc</subfield></datafield><datafield ind1=" " ind2=" " tag="043"><subfield code="a">n-us-ny</subfield></datafield><datafield ind1="0" ind2="0" tag="245"><subfield code="a">Saranac Lake news.</subfield></datafield><datafield ind1=" " ind2=" " tag="260"><subfield code="a">Saranac Lake, N.Y. :</subfield><subfield code="b">Saranac Lake Pub. Co.</subfield></datafield><datafield ind1=" " ind2=" " tag="300"><subfield code="a">v.</subfield></datafield><datafield ind1=" " ind2=" " tag="310"><subfield code="a">Weekly</subfield></datafield><datafield ind1="1" ind2=" " tag="362"><subfield code="a">Began on Nov. 12, 1910; ceased in May 1919.</subfield></datafield><datafield ind1=" " ind2=" " tag="500"><subfield code="a">Editors: Fred. H. Wall and George E. Foy, &lt;1911&gt;.</subfield></datafield><datafield ind1=" " ind2=" " tag="500"><subfield code="a">Published by: Edward C. Krauss, &lt;1913&gt;-1919.</subfield></datafield><datafield ind1=" " ind2=" " tag="500"><subfield code="a">Issued an extra number upon the death of Dr. Edward Livingston Trudeau, Nov. 15, 1915.</subfield></datafield><datafield ind1=" " ind2=" " tag="588"><subfield code="a">Description based on: Vol. 1, no. 18 (Feb. 18, 1911).</subfield></datafield><datafield ind1=" " ind2=" " tag="588"><subfield code="a">Latest issue consulted: Vol. 9, no. 25 (Mar. 6, 1919).</subfield></datafield><datafield ind1=" " ind2="0" tag="651"><subfield code="a">Saranac Lake (N.Y.)</subfield><subfield code="v">Newspapers.</subfield></datafield><datafield ind1=" " ind2="0" tag="651"><subfield code="a">Franklin County (N.Y.)</subfield><subfield code="v">Newspapers.</subfield></datafield><datafield ind1=" " ind2="7" tag="655"><subfield code="a">Newspapers.</subfield><subfield code="2">fast</subfield><subfield code="0">(OCoLC)fst01423814</subfield></datafield><datafield ind1=" " ind2="7" tag="651"><subfield code="a">New York (State)</subfield><subfield code="z">Franklin County.</subfield><subfield code="2">fast</subfield><subfield code="0">(OCoLC)fst01212304</subfield></datafield><datafield ind1=" " ind2="7" tag="651"><subfield code="a">New York (State)</subfield><subfield code="z">Saranac Lake.</subfield><subfield code="2">fast</subfield><subfield code="0">(OCoLC)fst01211426</subfield></datafield><datafield ind1=" " ind2=" " tag="752"><subfield code="a">United States</subfield><subfield code="b">New York</subfield><subfield code="c">Franklin</subfield><subfield code="d">Saranac Lake.</subfield></datafield><datafield ind1="0" ind2="4" tag="785"><subfield code="t">Daily item (Saranac Lake, N.Y.)</subfield><subfield code="w">(DLC)sn 93063580</subfield><subfield code="w">(OCoLC)27837794</subfield></datafield></record>